@article{ierusalimschy_text_2009,
	title = {A Text Pattern-Matching Tool Based on {Parsing Expression Grammars}},
	volume = {39},
	issn = {00380644, 1097024X},
	doi = {10.1002/spe.892},
	language = {en},
	number = {3},
	urldate = {2023-06-20},
	journal = {Softw.: Practice and Experience},
	author = {Ierusalimschy, Roberto},
	month = mar,
	year = {2009},
	pages = {221--258},
}

@inproceedings{ford_parsing_2004,
	address = {New York, NY, USA},
	series = {{POPL} '04},
	title = {{Parsing Expression Grammars}: A Recognition-Based Syntactic Foundation},
	isbn = {978-1-58113-729-3},
	shorttitle = {Parsing expression grammars},
	doi = {10.1145/964001.964011},
	urldate = {2023-06-19},
	booktitle = {Proceedings of the 31st {ACM} {SIGPLAN}-{SIGACT} Symposium on Principles of Programming Languages},
	publisher = {Association for Computing Machinery},
	author = {Ford, Bryan},
	month = jan,
	year = {2004},
	keywords = {BNF, context-free grammars, GTDPL, lexical analysis, packrat parsing, parsing expression grammars, regular expressions, scannerless parsing, syntactic predicates, TDPL, unified grammars},
	pages = {111--122},
}

@inproceedings{ribeiro_towards_2019,
	address = {New York, NY, USA},
	series = {{SBLP} '19},
	title = {Towards Typed Semantics for {Parsing Expression Grammars}},
	isbn = {978-1-4503-7638-9},
	doi = {10.1145/3355378.3355388},
	urldate = {2023-08-14},
	booktitle = {Proceedings of the {XXIII} Brazilian Symposium on Programming Languages},
	publisher = {Association for Computing Machinery},
	author = {Ribeiro, Rodrigo and Reis, Leonardo V. S. and Feitosa, Samuel and Cardoso, Elton M.},
	month = sep,
	year = {2019},
	keywords = {Parsing, Parsing Expression Grammars, Type systems},
	pages = {70--77},
}

@misc{ierusalimschy_lpeg_2024,
	title = {{LPeg} - {Parsing Expression Grammars} for {Lua}},
	shorttitle = {{LPeg} Manual},
	url = {https://www.inf.puc-rio.br/~roberto/lpeg/},
	language = {en-US},
	urldate = {2024-11-01},
	author = {Ierusalimschy, Roberto},
	year = {2024},
}

@inproceedings{blaudeau_verified_2020,
	location = {New York, {NY}, {USA}},
	title = {A Verified Packrat Parser Interpreter for {Parsing Expression Grammars}},
	isbn = {978-1-4503-7097-4},
	url = {https://dl.acm.org/doi/10.1145/3372885.3373836},
	doi = {10.1145/3372885.3373836},
	series = {{CPP} 2020},
	pages = {3--17},
	booktitle = {Proceedings of the 9th {ACM} {SIGPLAN} International Conference on Certified Programs and Proofs},
	publisher = {Association for Computing Machinery},
	author = {Blaudeau, Clement and Shankar, Natarajan},
	urldate = {2023-08-14},
    month = jan,
    year = {2020},
	date = {2020-01-22},
	keywords = {packrat parsing, abstract syntax tree, {PEG} grammar, {PVS}, semantic parsing, verified parser, well-formed grammars},
}

@article{koprowski_trx_2011,
	title = {{TRX}: A Formally Verified Parser Interpreter},
	volume = {Volume 7, Issue 2},
	issn = {1860-5974},
	url = {https://lmcs.episciences.org/686},
	doi = {10.2168/LMCS-7(2:18)2011},
	shorttitle = {{TRX}},
	journal = {Logical Methods in Computer Science},
	author = {Koprowski, Adam and Binsztok, Henri},
	urldate = {2025-04-02},
	date = {2011-06-24},
    month = jun,
    year = {2011},
	note = {Publisher: Episciences.org},
}

@article{chomsky_three_1956,
  author={Chomsky, N.},
  journal={{IRE} Transactions on Information Theory},
  title={Three models for the description of language},
  year={1956},
  volume={2},
  number={3},
  pages={113-124},
  keywords={Natural languages;Testing;Laboratories;Markov processes;Impedance matching;Kernel;Research and development},
  doi={10.1109/TIT.1956.1056813}
}